<?xml version="1.0" encoding="UTF-8"?><record xmlns="http://www.loc.gov/MARC21/slim" xmlns:cinclude="http://apache.org/cocoon/include/1.0" xmlns:zs="http://www.loc.gov/zing/srw/">
  <leader>00530nz  a2200145n  4500</leader>
  <controlfield tag="001">n 2013184268</controlfield>
  <controlfield tag="003">DLC</controlfield>
  <controlfield tag="005">20130708044103.0</controlfield>
  <controlfield tag="008">130708n| azannaabn          |a aaa      </controlfield>
  <datafield tag="010" ind1=" " ind2=" ">
    <subfield code="a">n 2013184268</subfield>
  </datafield>
  <datafield tag="035" ind1=" " ind2=" ">
    <subfield code="a">(DNLM)1571517</subfield>
  </datafield>
  <datafield tag="040" ind1=" " ind2=" ">
    <subfield code="a">DNLM</subfield>
    <subfield code="b">eng</subfield>
    <subfield code="e">rda</subfield>
    <subfield code="c">DNLM</subfield>
  </datafield>
  <datafield tag="100" ind1="1" ind2=" ">
    <subfield code="a">Juárez Ibarra, Elpidio</subfield>
  </datafield>
  <datafield tag="400" ind1="1" ind2=" ">
    <subfield code="a">Ibarra, Elpidio Juárez</subfield>
  </datafield>
  <datafield tag="670" ind1=" " ind2=" ">
    <subfield code="a">Terapia respiratoria, 2011:</subfield>
    <subfield code="b">t.p. (M. en C. Elpidio Juárez Ibarra) p. vii (Unidad de Cuidados Intensivos Coronarios (UCIC), Servicio de Cardiología, Hospital General de México, OD)</subfield>
  </datafield>
</record>